@online{bencodepy,
  author="Weast, Eric",
  title="BencodePy",
  year="2014",
  url="https://github.com/eweast/BencodePy",
  version="0.9.4"
}

@online{pymdht,
  author="Jimenez, Raul",
  title="pymdht",
  year="2009",
  url="https://github.com/rauljim/pymdht",
  version="12.11.1"
}

@online{sqlalchemy,
  author="Bayer, Michael",
  title="SQLAlchemy",
  year="2006",
  url="http://www.sqlalchemy.org/",
  version="1.0.5"
}

@online{sqlite,
  author="Hipp, D. Richard",
  title="SQLite 3",
  year="2000",
  url="https://www.sqlite.org/",
}

@online{geoip2-api,
  author="MaxMind",
  title="GeoIP2 Precision Web Services",
  subtitle="MaxMind APIs",
  year="2014",
  url="http://dev.maxmind.com/geoip/geoip2/web-services/#MaxMind_APIs",
  version="2.1.0"
}

@online{geolite2-db,
  author="MaxMind",
  title="GeoLite2 Free Downloadable Databases",
  year="2015",
  url="http://dev.maxmind.com/geoip/geoip2/geolite2/",
}

@manual{bep3,
	author="Cohen, Bram",
	title="The BitTorrent Protocol Specification",
	year="2008",
	number="BEP 3",
	url="http://www.bittorrent.org/beps/bep_0003.html"
}

@manual{bep5,
	author="Loewenstern, Andrew and Norberg, Arvid",
	title="DHT Protocol",
	year="2008",
	number="BEP 5",
	url="http://www.bittorrent.org/beps/bep_0005.html"
}

@manual{bep9,
	author="Hazel, Greg and Norberg, Arvid",
	title="Extension for Peers to Send Metadata Files",
	year="2008",
	number="BEP 9",
	url="http://www.bittorrent.org/beps/bep_0009.html"
}

@manual{bep10,
	author="Norberg, Arvid and Strigeus, Ludvig and Hazel, Greg",
	title="Extension Protocol",
	year="2008",
	number="BEP 10",
	url="http://www.bittorrent.org/beps/bep_0010.html"
}

@report{sandvine2014,
    author="Sandvine",
    title="Global Internet Phenomena Report 1H 2014",
    type="Study",
    institution="Sandvine",
    year="2014"
}

@article{watters2011much,
	title={How much material on BitTorrent is infringing content? A case study},
	author={Watters, Paul A and Layton, Robert and Dazeley, Richard},
	journal={Information Security Technical Report},
	volume={16},
	number={2},
	pages={79--87},
	year={2011},
	publisher={Elsevier}
}

@inproceedings{drachen2011distribution,
	title={Distribution of digital games via BitTorrent},
	author={Drachen, Anders and Bauer, Kevin and Veitch, Robert WD},
	booktitle={Proceedings of the 15th International Academic MindTrek Conference: Envisioning Future Media Environments},
	pages={233--240},
	year={2011},
	organization={ACM}
}

@online{sitescomparison,
	organization="Wikipedia, the free encyclopedia",
	title="Comparison of BitTorrent sites",
	year="2014",
	version="23:00, 14. November 2014"
}
